@Book{Braumoeller2019,
  title = {Only the Dead. The Persistence of War in the Modern Age},
  author = {Bear F. Braumoeller},
  publisher = {Oxford University Press},
  year = {2019},
}

@Book{Everts-e-Isernia2015,
  title = {Public Opinion, Transatlantic Relations and the Use of Force},
  author = {Philip Everts and Pierangelo Isernia},
  publisher = {Palgrave MacMillan},
  year = {2015},
}

@Article{Gaddis1986,
  title = {The Long Peace: Elements of Stability in the Postwar International System},
  author = {J. L. Gaddis},
  journal = {International Security},
  year = {1986},
  volume = {10-4},
  pages = {99-142},
  url = {https://doi.org/10.2307/2538951},
}

@Article{Gleditsch-Pinker-Thayer-Levy-Thompson2013,
  title = {The Decline of War},
  author = {N. P. Gleditsch and S. Pinker and B. A. Thayer and J. S. Levy and W. R. Thompson},
  journal = {International Studies Review},
  year = {2013},
  volume = {15-3},
  pages = {396–419},
  url = {http://www.jstor.org/stable/24032901},
}

@Article{Mueller1971,
  title = {Trends in Popular Support for the Wars in Korea and Vietnam},
  author = {John E. Mueller},
  journal = {American Political Science Review},
  year = {1971},
  volume = {65-2},
  pages = {358–375},
  url = {https://doi.org/10.2307/1954454},
}

@Book{Pinker2011,
  title = {The Better Angels of Our Nature},
  author = {Steven Pinker},
  publisher = {Viking Books},
  year = {2011},
}

@Article{Sarkees-Wayman-Singer2003,
  title = {Inter-State, Intra-State, and Extra-State Wars: A Comprehensive Look at Their Distribution over Time, 1816–1997},
  author = {Meredith R. Sarkees and Frank W. Wayman and J. David Singer},
  journal = {International Studies Quarterly},
  year = {2003},
  volume = {47},
  pages = {49–70},
}


@Book{Small-Singer1982,
  title = {Resort to Arms: International and Civil Wars, 1816-1980},
  author = {Melvin Small and David Singer},
  publisher = {Sage Publs},
  year = {1982},
}

@Book{Sudman-Bradburn1974,
  title = {Response Effects in Survey. A Review and a Synthesis},
  author = {Sudman, S., and Bradburn, N.M.,},
  publisher = {Aldine Publs},
  year = {1974},
}


@Article{Aldrich-et-al2006,
  title = {Foreign Policy and the Electoral Connection},
  author = {J. H. Aldrich and C. Gelpi and P. Feaver and J. Reifler and K. Thompson Sharp},
  journal = {Annual Review Political Science},
  year = {2006},
  number = {9},
  pages = {477-502},
}

@Article{Sarkees,
  title = {The COW Typology of War: Defining and Categorizing Wars (Version 4 of the Data)},
  author = {Meredith Reid Sarkees},
  url = {https://correlatesofwar.org/wp-content/uploads/COW-Website-Typology-of-war.pdf},
  }
  
  @InCollection{Basile-Isernia-Martini,
  booktitle = {Elettori e Partiti di fronte alla Guerra in Ucraina},
  editor = {Roncarlo, F., and Vezzoni, C.,},
  title = {Elettori e Partiti di fronte alla Guerra in Ucraina},
  author = {Basile, L., and Isernia, P., and Martini, S.,},
  publisher = {Il Mulino},
  year = {2023},
  pages = {203-2014},
  }
  
  @InCollection{Isernia-Martini,
  booktitle = {Il Bipolarismo Asimmetrico. L’Italia al Voto
dopo il Decennio Populista},
  editor = {Vassallo, S., and Verzichelli, L.,},
  title = {Opinione Pubblica e Guerra in Ucraina: Un’Anomalia
Italiana?},
  author = {Isernia, P., and Martini, S.,},
  publisher = {Il Mulino},
  year = {2023},
  pages = {165-185},
  }
  
  @Article{Mader-Schoen,
  title = {Was Russia’s Invasion of Ukraine a Watershed for German
Public Opinion?},
  author = {Mader, M., and Schoen, H.,},
  year = {2022},
  url = {https://ssrn.com/abstract=4235580orhttp://dx.doi.org/10.2139/ssrn.4235580},
  }
  
  @Article{Bordignon-Diamanti-Turato,
  title = {Rally ‘round the Ukrainian flag. The
Russian attack and the (temporary?) suspension of geopolitical polarization in Italy},
  author = {Bordignon, F.,  and Diamanti, I., and Turato, F.,},
  journal = {Contemporary Italian Politics},
  year = {2022},
  number = {14},
  pages = {370–386},
}